@misc{moy1998rfc2328,
  title={RFC2328: OSPF Version 2},
  author={Moy, John},
  year={1998},
  publisher={RFC Editor}
}
